%% This BibTeX bibliography file was created using BibDesk.
%% https://bibdesk.sourceforge.io/

%% Created for Miles Kee at 2023-10-26 11:50:02 -0400 


%% Saved with string encoding Unicode (UTF-8) 



@article{zimmermann2013predicting,
	author = {Zimmermann, Albrecht and Moorthy, Sruthi and Shi, Zifan},
	date-added = {2023-10-26 11:48:07 -0400},
	date-modified = {2023-10-26 11:49:34 -0400},
	journal = {arXiv preprint arXiv:1310.3607},
	title = {Predicting College Basketball Match Outcomes Using Machine Learning Techniques: Some Results and Lessons Learned},
	year = {2013}}
