%% This BibTeX bibliography file was created using BibDesk.
%% https://bibdesk.sourceforge.io/

%% Created for Miles Kee at 2023-12-11 13:37:25 -0500 


%% Saved with string encoding Unicode (UTF-8) 



@article{rufibach2010use,
	author = {Rufibach, Kaspar},
	date-added = {2023-12-11 13:01:27 -0500},
	date-modified = {2023-12-11 13:35:58 -0500},
	journal = {Journal of Clinical Epidemiology},
	number = {8},
	pages = {938--939},
	publisher = {Elsevier},
	title = {Use of {B}rier {S}core to {A}ssess {B}inary {P}redictions},
	volume = {63},
	year = {2010}}

@article{ruby2020binary,
	author = {Ruby, Usha and Yendapalli, Vamsidhar},
	date-added = {2023-12-11 13:01:27 -0500},
	date-modified = {2023-12-11 13:35:45 -0500},
	journal = {Int. J. Adv. Trends Comput. Sci. Eng},
	number = {10},
	title = {Binary {C}ross {E}ntropy with {D}eep {L}earning {T}echnique for {I}mage {C}lassification},
	volume = {9},
	year = {2020}}

@misc{rmsprop,
	author = {Team, Keras},
	date-added = {2023-12-11 13:01:27 -0500},
	date-modified = {2023-12-11 13:35:20 -0500},
	journal = {Keras},
	title = {Keras {D}ocumentation: {R}{M}{S}prop},
	url = {https://keras.io/api/optimizers/rmsprop/},
	bdsk-url-1 = {https://keras.io/api/optimizers/rmsprop/}}

@article{zimmermann2013predicting,
	author = {Zimmermann, Albrecht and Moorthy, Sruthi and Shi, Zifan},
	date-added = {2023-12-11 13:01:27 -0500},
	date-modified = {2023-12-11 13:37:23 -0500},
	journal = {arXiv preprint arXiv:1310.3607},
	title = {Predicting {C}ollege {B}asketball {M}atch {O}utcomes {U}sing {M}achine {L}earning {T}echniques: {S}ome {R}esults and {L}essons {L}earned},
	year = {2013}}

@article{hunter2012selection,
	author = {Hunter, David and Yu, Hao and Pukish III, Michael S and Kolbusz, Janusz and Wilamowski, Bogdan M},
	date-added = {2023-12-11 13:01:27 -0500},
	date-modified = {2023-12-11 13:33:40 -0500},
	journal = {IEEE Transactions on Industrial Informatics},
	number = {2},
	pages = {228--240},
	publisher = {IEEE},
	title = {Selection of {P}roper {N}eural {N}etwork {S}izes and {A}rchitectures---{A} {C}omparative {S}tudy},
	volume = {8},
	year = {2012}}

@book{oliver2004basketball,
	author = {Oliver, D.},
	date-added = {2023-12-11 13:01:15 -0500},
	date-modified = {2023-12-11 13:35:08 -0500},
	isbn = {9781574886870},
	lccn = {2003012662},
	publisher = {Brassey's, Incorporated},
	title = {Basketball on {P}aper: {R}ules and {T}ools for {P}erformance {A}nalysis},
	url = {https://books.google.com/books?id=hDUK-rAVwbQC},
	year = {2004},
	bdsk-url-1 = {https://books.google.com/books?id=hDUK-rAVwbQC}}

@article{davis2023exploratory,
	author = {Davis, Sallie Anne},
	date-added = {2023-12-11 13:01:00 -0500},
	date-modified = {2023-12-11 13:32:58 -0500},
	title = {An {E}xploratory {A}nalysis of {A}{C}{C} {M}en's {B}asketball {P}layers and the {T}ransfer {P}ortal in the {P}ast 5 {Y}ears},
	year = {2023}}

@article{west2006simple,
	author = {West, Brady T},
	date-added = {2023-12-11 13:00:51 -0500},
	date-modified = {2023-12-11 13:36:36 -0500},
	journal = {Journal of Quantitative Analysis in Sports},
	number = {3},
	publisher = {De Gruyter},
	title = {A {S}imple and {F}lexible {R}ating {M}ethod for {P}redicting {S}uccess in the {N}{C}{A}{A} {B}asketball {T}ournament},
	volume = {2},
	year = {2006}}

@article{nguyen2022application,
	author = {Nguyen, Nguyen Hoang and Nguyen, Duy Thien An and Ma, Bingkun and Hu, Jiang},
	date-added = {2023-12-11 13:00:35 -0500},
	date-modified = {2023-12-11 13:34:51 -0500},
	journal = {Journal of Information and Telecommunication},
	number = {2},
	pages = {217--235},
	publisher = {Taylor \& Francis},
	title = {The {A}pplication of {M}achine {L}earning and {D}eep {L}earning in {S}port: {P}redicting {N}{B}{A} {P}layers' {P}erformance and {P}opularity},
	volume = {6},
	year = {2022}}
